<?xml version="1.0" encoding="UTF-8"?><collection xmlns="http://www.loc.gov/MARC21/slim"><record><leader>00589nam--2200181-i-4500</leader><controlfield tag="001">000008758</controlfield><controlfield tag="002">20161230</controlfield><controlfield tag="005">20161230201027</controlfield><controlfield tag="008">060222s1000------------r-----000-0-eng-d</controlfield><datafield ind1=" " ind2=" " tag="040"><subfield code="a">IFIN-HH</subfield></datafield><datafield ind1=" " ind2=" " tag="080"><subfield code="a">413.232</subfield></datafield><datafield ind1="1" ind2=" " tag="100"><subfield code="a">Barnes, D.E./S.A.</subfield></datafield><datafield ind1="1" ind2="0" tag="245"><subfield code="a">Newnes concise encyclopaedia of nuclear energy</subfield><subfield code="b">With a foreword by h. kronberger</subfield><subfield code="c">D.e. barnes, r. batchelor, a.g. maddock, j.a. smedley, denis taylor (eds.)</subfield></datafield><datafield ind1=" " ind2=" " tag="260"><subfield code="a">Amsterdam</subfield><subfield code="b">Elsevier Publisher Company</subfield><subfield code="c">1962</subfield></datafield><datafield ind1=" " ind2=" " tag="300"><subfield code="a">X + 886 P</subfield></datafield><datafield ind1="1" ind2=" " tag="700"><subfield code="a">Taylor, Denis</subfield><subfield code="e">Ed</subfield></datafield><datafield ind1=" " ind2=" " tag="852"><subfield code="a">D.285</subfield><subfield code="c">SLT</subfield></datafield><datafield ind1=" " ind2=" " tag="CAT"><subfield code="a">Sys</subfield><subfield code="c">20130220</subfield><subfield code="h">153517</subfield></datafield></record></collection>